<?xml version="1.0" encoding="UTF-8"?><record xmlns="http://www.loc.gov/MARC21/slim" xmlns:cinclude="http://apache.org/cocoon/include/1.0" xmlns:zs="http://www.loc.gov/zing/srw/">
  <leader>00464cz  a2200121n  4500</leader>
  <controlfield tag="001">n  96064632 </controlfield>
  <controlfield tag="003">DLC</controlfield>
  <controlfield tag="005">19960715082554.9</controlfield>
  <controlfield tag="008">960702n| acannaab|          |n aaa |||  </controlfield>
  <datafield tag="010" ind1=" " ind2=" ">
    <subfield code="a">n  96064632 </subfield>
  </datafield>
  <datafield tag="040" ind1=" " ind2=" ">
    <subfield code="a">DLC</subfield>
    <subfield code="c">DLC</subfield>
    <subfield code="d">DLC</subfield>
  </datafield>
  <datafield tag="100" ind1="1" ind2="0">
    <subfield code="a">Creekmore, Ted</subfield>
  </datafield>
  <datafield tag="670" ind1=" " ind2=" ">
    <subfield code="a">NOx policy documents for the Clean Air Act ... 1996:</subfield>
    <subfield code="b">technical rep. data (Ted Creekmore, Ozone Policy and Strategies Group, Office of Air Quality Planning and Standards, U.S. Environmental Protection Agency)</subfield>
  </datafield>
</record>